@inproceedings{Chaweewat2017,
address = {New Delhi, India},
author = {Chaweewat, P. and Singh, J. G.},
booktitle = {The 1st International Conference on Large-Scale Grid Integration of Renewable Energy in India},
file = {:Users/pornchaichaweewat/Downloads/8B{\_}4{\_}GIZ17{\_}061{\_}paper{\_}Pornchai{\_}Chaweewat{\_}.pdf:pdf},
title = {{Effects of High Penetration of Solar Rooftop PV on Short-Term Electricity Pricing Forecasting by Using ANN-ABC Hybrid Model; Case Study of South Australia}},
year = {2017}
}
